@ARTICLE{dijkstra68,
author = "E.W. Dijkstra",
year = 1968,
title = "Goto statements considered harmful",
journal = "Communications of the ACM",
volume = 11,
number = 3,
pages = "147--148"      }

@BOOK{Charniak85,
author = "E. Charniak and D. McDermott",
year = 1985,
title = "Introduction to Artificial Intelligence",
publisher = "Addison-Wesley",
address = "Reading, MA" }


@INPROCEEDINGS{Steels98,
author = "L. Steels",
year = 1998,
title = "Bootstrapping Cognition through Language",
booktitle = "Proceedings of the Tenth Netherlands/Belgium Conference
  on Artificial Intelligence (NAIC'98)",
editor = "H. La Poutr\'e and H.J. van den Herik",
pages = "3"     }

@inproceedings{van2007reinforcement,
  title="Reinforcement learning in continuous action spaces",
  author="H. Van Hasselt and M.A. Wiering",
  booktitle="Proceedings of the IEEE International Symposium on Approximate Dynamic Programming and Reinforcement Learning, 2007",
  pages="272--279",
  year=2007,
  organization="IEEE"
}

@inproceedings{zimmer2016neural,
  title="Neural Fitted Actor-Critic",
  author="M. Zimmer and Y. Boniface and A. Dutech",
  booktitle="Proceedings of the European Symposium on Artificial Neural Networks, Computational Intelligence and Machine Learning (ESANN 2016)",
  year=2016,
  organization="ESANN"
}

@inproceedings{nichols2014application,
  title="Application of Newton's Method to action selection in continuous state-and action-space reinforcement learning",
  author="B.D. Nichols and D.C. Dracopoulos",
  year=2014,
  booktitle="Proceedings of the European Symposium on Artificial Neural Networks, Computational Intelligence and Machine Learning (ESANN 2014)",
  organization="ESANN"
}

@inproceedings{kohl2004policy,
  title={Policy gradient reinforcement learning for fast quadrupedal locomotion},
  author={Kohl, Nate and Stone, Peter},
  booktitle={Robotics and Automation, 2004. Proceedings. ICRA'04. 2004 IEEE International Conference on},
  volume={3},
  pages={2619--2624},
  year={2004},
  organization={IEEE}
}

@article{tesauro2002programming,
  title={Programming backgammon using self-teaching neural nets},
  author={Tesauro, Gerald},
  journal={Artificial Intelligence},
  volume={134},
  number={1-2},
  pages={181--199},
  year={2002},
  publisher={Elsevier}
}

@article{baxter1999knightcap,
  title={Knightcap: a chess program that learns by combining td (lambda) with game-tree search},
  author={Baxter, Jonathan and Tridgell, Andrew and Weaver, Lex},
  journal={arXiv preprint cs/9901002},
  year={1999}
}
@article{ganeshdeep,
  title={Deep Reinforcement Learning for Simulated Autonomous Driving},
  author={Ganesh, Adithya and Charalel, Joe and Sarma, Matthew Das and Xu, Nancy}
}



